<?xml version="1.0" encoding="UTF-8"?><collection xmlns="http://www.loc.gov/MARC21/slim"><record><leader>00499nam--2200181-i-4500</leader><controlfield tag="001">000002545</controlfield><controlfield tag="002">20161230</controlfield><controlfield tag="005">20161230201025</controlfield><controlfield tag="008">060222s1000------------r-----000-0-eng-d</controlfield><datafield ind1=" " ind2=" " tag="040"><subfield code="a">IFIN-HH</subfield></datafield><datafield ind1=" " ind2=" " tag="080"><subfield code="a">801.323.2=690=590</subfield></datafield><datafield ind1="1" ind2=" " tag="100"><subfield code="a">Mocanu, Angela</subfield></datafield><datafield ind1="1" ind2="0" tag="245"><subfield code="a">Dictionar portughez-roman</subfield><subfield code="c">Angela mocanu, adelino branco</subfield></datafield><datafield ind1=" " ind2=" " tag="260"><subfield code="a">Bucuresti</subfield><subfield code="b">Editura Stiintifica Si Enciclopedica</subfield><subfield code="c">1983</subfield></datafield><datafield ind1=" " ind2=" " tag="300"><subfield code="a">647P</subfield></datafield><datafield ind1=" " ind2=" " tag="700"><subfield code="a">Branco, Adelino</subfield></datafield><datafield ind1=" " ind2=" " tag="852"><subfield code="a">D.591</subfield><subfield code="c">SLF</subfield></datafield><datafield ind1=" " ind2=" " tag="CAT"><subfield code="a">Sys</subfield><subfield code="c">20130215</subfield><subfield code="h">122141</subfield></datafield></record></collection>